<record><leader>00000cas a22000007a 4500</leader><controlfield tag="001">29000442</controlfield><controlfield tag="008">931013d19091911okuwr ne      0    0eng d</controlfield><datafield ind1=" " ind2=" " tag="010"><subfield code="a">sn 93066134 </subfield></datafield><datafield ind1=" " ind2=" " tag="040"><subfield code="a">OBN</subfield><subfield code="b">eng</subfield><subfield code="c">OBN</subfield><subfield code="d">OCL</subfield><subfield code="d">OCLCQ</subfield></datafield><datafield ind1=" " ind2=" " tag="042"><subfield code="a">msc</subfield></datafield><datafield ind1="0" ind2=" " tag="130"><subfield code="a">Coal County register (Centrahoma, Okla. : 1909)</subfield></datafield><datafield ind1="1" ind2="4" tag="245"><subfield code="a">The Coal County register.</subfield></datafield><datafield ind1="3" ind2="0" tag="246"><subfield code="a">Centrahoma register</subfield></datafield><datafield ind1=" " ind2=" " tag="260"><subfield code="a">Centrahoma, Coal County, Okla. :</subfield><subfield code="b">F.S. Payne &amp; Son</subfield></datafield><datafield ind1=" " ind2=" " tag="300"><subfield code="a">v.</subfield></datafield><datafield ind1=" " ind2=" " tag="310"><subfield code="a">Weekly</subfield></datafield><datafield ind1="1" ind2=" " tag="362"><subfield code="a">Began in 1909; ceased in 1911.</subfield></datafield><datafield ind1=" " ind2=" " tag="588"><subfield code="a">Description based on: Vol. 2, no. 31 (Feb. 12, 1909).</subfield></datafield><datafield ind1=" " ind2="4" tag="651"><subfield code="a">Centrahoma (Okla.)</subfield><subfield code="v">Newspapers.</subfield></datafield><datafield ind1=" " ind2="4" tag="651"><subfield code="a">Coal County (Okla.)</subfield><subfield code="v">Newspapers.</subfield></datafield><datafield ind1=" " ind2=" " tag="752"><subfield code="a">United States</subfield><subfield code="b">Oklahoma</subfield><subfield code="c">Coal</subfield><subfield code="d">Centrahoma.</subfield></datafield><datafield ind1="0" ind2="0" tag="780"><subfield code="t">Centrahoma register</subfield><subfield code="w">(DLC)sn 93066133</subfield><subfield code="w">(OCoLC)28998924</subfield></datafield><datafield ind1="0" ind2="7" tag="785"><subfield code="t">Coalgate record</subfield><subfield code="w">(DLC)sn 93066135</subfield><subfield code="w">(OCoLC)29000610</subfield></datafield><datafield ind1="0" ind2="7" tag="785"><subfield code="t">Coalgate record-register</subfield><subfield code="w">(DLC)sn 86063921</subfield><subfield code="w">(OCoLC)13645882</subfield></datafield><datafield ind1="1" ind2=" " tag="029"><subfield code="a">AU@</subfield><subfield code="b">000022801688</subfield></datafield></record>